@book{degrandis_demaria_2017, 
	place={Portland, OR}, 
	title={Making work visible: Exposing time theft to optimize work; flow}, 
	publisher={IT Revolution Press}, 
	author={DeGrandis, Dominica and DeMaria, Tonianne}, 
	year={2017}
}

@book{loeliger_mccullough_2012,
	place={Beijing}, 
	title={Version control with git: Powerful tools and techniques for collaborative software development}, 
	publisher={O'Reilly}, 
	author={Loeliger, Jon and McCullough, Matthew J.},
	year={2012}
} 

@book{martin_2018,
	place={Boston}, 
	title={Clean architecture: A craftsman's guide to software structure and Design},
	publisher={Prentice Hall},
	author={Martin, Robert C.},
	year={2018}
} 

@inbook{anaya_2021, 
	place={Birmingham, Mumbai}, 
	title={Using Decorators to Improve Our Code}, 
	booktitle={Clean code in python develop maintainable and efficient code}, 
	publisher={Packt}, 
	author={Anaya, Mariano}, 
	year={2021}
} 

@misc{stevewhims,
	title={The component object model - win32 apps},
	url={https://docs.microsoft.com/en-us/windows/win32/com/the-component-object-model},
	journal={Win32 apps | Microsoft Docs}, 
	author={Alex Stevewhims},
}

@techreport{pep8,
  author  = {Guido van Rossum and Barry Warsaw and Nick Coghlan},
  title   = {Style Guide for {Python} Code},
  year    = {2001},
  type    = {PEP},
  number  = {8},
  url     = {https://www.python.org/dev/peps/pep-0008/},
}

@techreport{pep20,
  author  = {Tim Peters},
  title   = {The {Zen} of {Python}},
  year    = {2004},
  type    = {PEP},
  number  = {20},
  url     = {https://www.python.org/dev/peps/pep-0020/},
}

@misc{flake8, 
	title={Your tool for style guide enforcement}, 
	url={https://flake8.pycqa.org/en/latest/}, 
	journal={Flake8}
} 

@misc{sonarqube, 
	title={Static code inspection; code analysis tools}, 
	url={https://www.sonarqube.org/features/multi-languages/}, 
	journal={SonarQube}
} 

@book{box1998essential,
  title={Essential COM},
  author={Box, D.},
  isbn={9780201634464},
  lccn={97045836},
  series={Addison-Wesley object technology series},
  url={https://books.google.lv/books?id=kfRWvKSePmAC},
  year={1998},
  publisher={Addison Wesley}
}

@book{pywin32, 
	place={Beijing}, 
	title={Python programming on win32}, 
	publisher={O'Reilly}, 
	author={Hammond, Mark and Robinson, Andy},
	year={2000}
} 

@book{djangoDev, 
	place={Birmingham, UK}, 
	title={Web development with django: Learn to build modern web applications with a python-based framework}, 
	publisher={Packt Publishing Ltd.}, 
	author={Shaw, Ben}, 
	year={2021}
} 

@misc{chen_2019, 
	title={A slightly less brief introduction to com apartments (but it's still brief)}, 
	url={https://devblogs.microsoft.com/oldnewthing/20191125-00/?p=103135},
	journal={The Old New Thing},
	author={Chen, Raymond}, 
	year={2019}, 
	month={Nov}
} 

@book{progit, 
	place={Berkeley, CA},
	title={Pro Git}, 
	publisher={Apress}, 
	author={Chacon, Scott}, 
	year={2009}
}  
@book{gitteams, 
	place={Sebastopol, CA}, 
	title={Git for teams}, 
	publisher={O'Reilly Media, Inc.},
	author={Hogbin, Westby Emma Jane},
	year={2015}
} 

@book{htmlmanual, 
	place={Beijing},
	title={HTML5: The missing manual},
	publisher={O'Reilly},
	author={MacDonald, Matthew},
	year={2014}
}

@book{bootstrap,
	place={Birmingham, England},
	title={Mastering bootstrap 4: Master the latest version of Bootstrap 4 to build highly customized Responsive Web Apps},
	publisher={Packt Publishing},
	author={Jakobus, Benjamin and Marah, Jason},
	year={2018}
} 

@INPROCEEDINGS{metrics,
	author={Oman, P. and Hagemeister, J.}, 
	booktitle={Proceedings Conference on Software Maintenance 1992}, 
	title={Metrics for assessing a software system's maintainability},  
	year={1992},
	volume={},  number={},  pages={337-344},  doi={10.1109/ICSM.1992.242525}
}

@book{ppmodel, 
	place={Whitefish Bay, WI},
	title={Microsoft Office Automation with visual foxpro},
	publisher={Hentzenwerke Pub.},
	author={Granor, Tamar E. and Martin, Della}, 
	year={2000}
} 

@book{selenium, 
	title={Learning selenium testing tools with python: A practical guide on automated web testing with selenium using python}, 
	author={Gundecha, Unmesh}, 
	year={2014}
} 
@book{selenium2, 
	place={Birminghan, UK}, 
	title={Selenium testing tools cookbook over 90 recipes to build, maintain, and improve test automation with selenium WebDriver},
	publisher={Packt Pub.},
	author={Gundecha, Unmesh}, 
	year={2012}
} 
